<?xml version="1.0" encoding="UTF-8"?><collection><record><leader>02629ntm a2200361 a 4500</leader><controlfield tag="001">005231683</controlfield><controlfield tag="003">MiAaHDL</controlfield><controlfield tag="005">20190719000000.0</controlfield><controlfield tag="006">m        d        </controlfield><controlfield tag="007">cr bn ---auaua</controlfield><controlfield tag="008">060607q18201870|||           000 0 per  </controlfield><datafield tag="035" ind1=" " ind2=" "><subfield code="a">(MiU)005231683</subfield></datafield><datafield tag="035" ind1=" " ind2=" "><subfield code="a">sdr-miu005231683</subfield></datafield><datafield tag="035" ind1=" " ind2=" "><subfield code="a">(OCoLC)81282230</subfield></datafield><datafield tag="035" ind1=" " ind2=" "><subfield code="a">(RLIN)MIUG06-B2440</subfield></datafield><datafield tag="040" ind1=" " ind2=" "><subfield code="a">miU</subfield><subfield code="c">MiU</subfield></datafield><datafield tag="100" ind1="1" ind2=" "><subfield code="6">880-01</subfield><subfield code="a">Majlisī, Muḥammad Bāqir ibn Muḥammad Taqī,</subfield><subfield code="d">1627 or 1628-approximately 1699.</subfield></datafield><datafield tag="245" ind1="1" ind2="0"><subfield code="6">880-03</subfield><subfield code="a">Zād al-Maʻād.</subfield></datafield><datafield tag="260" ind1=" " ind2=" "><subfield code="c">[1820-1860?].</subfield></datafield><datafield tag="300" ind1=" " ind2=" "><subfield code="a">1</subfield><subfield code="f">v. ([592] p.) ;</subfield><subfield code="c">205 cm.</subfield></datafield><datafield tag="500" ind1=" " ind2=" "><subfield code="a">This codex is undated, but the only stamp is dated 1311/1893-4. The cover design seems to have been done in the 19th century.</subfield></datafield><datafield tag="500" ind1=" " ind2=" "><subfield code="a">Exquisite codex assembled from painted and laquered board, which features the same realistic rose design on both covers. Spine is of plain leather. Both inside covers contain crude paintings of yellow flowers (daffodils?). Pages are bordered in gold paint. Chapter titles are written in red ink upon gilded designs, accompanied by colorful designs. Initial page with frontispiece with title is elaboritely decorated with gold paint and colorful designs. Both the main Persian text and Arabic prayers are written in black ink in tawki (or possibly thulth) script; Persian translation of prayers is written in red ink in nastaʻlīq script directly beneath the prayers.</subfield></datafield><datafield tag="510" ind1="4" ind2=" "><subfield code="a">Browne,</subfield><subfield code="c">v. iv, p.416-418.</subfield></datafield><datafield tag="520" ind1=" " ind2=" "><subfield code="a">Prayers and pious observances for shiʻīs on ordinary and special days throughout the year according to the practice of the Imams. This book is largely divided into sections dealing with specific months of the year. The work is extracted from the author's large work, Bahār al-Anwār. The main body of the text is in Persian; the prayers themselves are in Arabic, with Persian translation.</subfield></datafield><datafield tag="538" ind1=" " ind2=" "><subfield code="a">Mode of access: Internet.</subfield></datafield><datafield tag="545" ind1="0" ind2=" "><subfield code="a">Born 1037/1627; died 1110/1698-99. Renowned Shiʻī mujtahid of 17th century Isfahān; son of the popular Sufī-minded scholar, Muḥammad Taqī Majlisī. Muḥammad Bāqir Majlisī was the highest ranking jurist under the last true Safavī monarch, Shāh Sultan Husayn.</subfield></datafield><datafield tag="546" ind1=" " ind2=" "><subfield code="a">Text in Persian and Arabic.</subfield></datafield><datafield tag="650" ind1=" " ind2="0"><subfield code="a">Shīʻah</subfield><subfield code="x">Doctrines</subfield><subfield code="v">Early works to 1800.</subfield></datafield><datafield tag="650" ind1=" " ind2="0"><subfield code="a">Shīʻah</subfield><subfield code="x">Customs and practices</subfield><subfield code="v">Early works to 1800.</subfield></datafield><datafield tag="650" ind1=" " ind2="0"><subfield code="a">Islam</subfield><subfield code="v">Prayers and devotions</subfield><subfield code="v">Early works to 1800.</subfield></datafield><datafield tag="650" ind1=" " ind2="0"><subfield code="a">Manuscripts, Persian</subfield><subfield code="z">Michigan</subfield><subfield code="z">Ann Arbor.</subfield></datafield><datafield tag="880" ind1="1" ind2="0"><subfield code="6">245-03/</subfield><subfield code="a">زاد المعاد.</subfield></datafield><datafield tag="880" ind1="1" ind2=" "><subfield code="6">100-01/</subfield><subfield code="a">مجلسى، محمد باقر بن محمد تقى.</subfield></datafield><datafield tag="CID" ind1=" " ind2=" "><subfield code="a">005231683</subfield></datafield><datafield tag="DAT" ind1="0" ind2=" "><subfield code="a">20190719102633.0</subfield><subfield code="b">20190719000000.0</subfield></datafield><datafield tag="DAT" ind1="1" ind2=" "><subfield code="a">20190719090653.0</subfield><subfield code="b">2019-07-19T16:11:05Z</subfield></datafield><datafield tag="DAT" ind1="2" ind2=" "><subfield code="a">2015-10-10T18:00:06Z</subfield></datafield><datafield tag="CAT" ind1=" " ind2=" "><subfield code="a">SDR-MIU</subfield><subfield code="d">EX LIBRIS - ALEPH</subfield><subfield code="l">prepare.pl-004-008</subfield></datafield><datafield tag="FMT" ind1=" " ind2=" "><subfield code="a">BK</subfield></datafield><datafield tag="HOL" ind1=" " ind2=" "><subfield code="0">sdr-miu005231683</subfield><subfield code="a">MiU</subfield><subfield code="b">SDR</subfield><subfield code="c">MIU</subfield><subfield code="p">mdp.39015081447628</subfield><subfield code="s">MIU</subfield><subfield code="1">005231683</subfield></datafield><datafield tag="974" ind1=" " ind2=" "><subfield code="b">MIU</subfield><subfield code="c">MIU</subfield><subfield code="d">20190719</subfield><subfield code="s">lit-dlps-dc</subfield><subfield code="u">mdp.39015081447628</subfield><subfield code="y">1870</subfield><subfield code="r">pd</subfield><subfield code="q">bib</subfield><subfield code="t">non-US bib date2 &lt; 1879</subfield></datafield></record></collection>